<record><leader>00000cas a2200000 a 4500</leader><controlfield tag="001">31601293</controlfield><controlfield tag="008">941202d19131921ilu x ne      0   a0pol c</controlfield><datafield ind1=" " ind2=" " tag="010"><subfield code="a">  2012218757</subfield></datafield><datafield ind1=" " ind2=" " tag="040"><subfield code="a">BAI</subfield><subfield code="b">eng</subfield><subfield code="c">BAI</subfield><subfield code="d">OCL</subfield><subfield code="d">OCLCQ</subfield><subfield code="d">NVF</subfield><subfield code="d">OCLCO</subfield><subfield code="d">DLC</subfield><subfield code="d">OCLCO</subfield></datafield><datafield ind1=" " ind2=" " tag="042"><subfield code="a">pcc</subfield></datafield><datafield ind1=" " ind2=" " tag="043"><subfield code="a">n-us-il</subfield></datafield><datafield ind1="0" ind2="0" tag="245"><subfield code="a">Wici.</subfield></datafield><datafield ind1=" " ind2=" " tag="260"><subfield code="a">Chicago, Ill. :</subfield><subfield code="b">K.O.N.,</subfield><subfield code="c">1913-1921.</subfield></datafield><datafield ind1=" " ind2=" " tag="300"><subfield code="a">v. ;</subfield><subfield code="c">25 cm.</subfield></datafield><datafield ind1=" " ind2=" " tag="310"><subfield code="a">Frequency varies.</subfield></datafield><datafield ind1="0" ind2=" " tag="362"><subfield code="a">Rok. 1, nr. 1 (czer. 1913)-</subfield></datafield><datafield ind1="1" ind2=" " tag="362"><subfield code="a">Ceased in 1921?</subfield></datafield><datafield ind1=" " ind2=" " tag="530"><subfield code="a">Available in microfilm; $b University of Chicago Library.</subfield></datafield><datafield ind1=" " ind2=" " tag="546"><subfield code="a">In Polish.</subfield></datafield><datafield ind1=" " ind2=" " tag="550"><subfield code="a">At head of title: Organ Komitetu Obrony Narodowej w Ameryce.</subfield></datafield><datafield ind1=" " ind2=" " tag="550"><subfield code="a">Organ of the Polish National Defense Committee.</subfield></datafield><datafield ind1=" " ind2=" " tag="588"><subfield code="a">Latest issue consulted: Rok. 5, nr. 20 (May 28, 1918).</subfield></datafield><datafield ind1="2" ind2="0" tag="610"><subfield code="a">Komitet Obrony Narodowej w Ameryce</subfield><subfield code="v">Periodicals.</subfield></datafield><datafield ind1=" " ind2="0" tag="651"><subfield code="a">Poland</subfield><subfield code="x">Politics and government</subfield><subfield code="v">Newspapers.</subfield></datafield><datafield ind1=" " ind2="0" tag="650"><subfield code="a">Polish Americans</subfield><subfield code="x">Political activity</subfield><subfield code="x">Societies, etc.</subfield><subfield code="v">Newspapers.</subfield></datafield><datafield ind1=" " ind2="0" tag="650"><subfield code="a">Polish Americans</subfield><subfield code="z">United States</subfield><subfield code="z">Illinois</subfield><subfield code="v">Newspapers.</subfield></datafield><datafield ind1=" " ind2="0" tag="651"><subfield code="a">Chicago (Ill.)</subfield><subfield code="v">Newspapers.</subfield></datafield><datafield ind1="2" ind2=" " tag="710"><subfield code="a">Komitet Obrony Narodowej w Ameryce.</subfield></datafield><datafield ind1=" " ind2=" " tag="752"><subfield code="a">United States</subfield><subfield code="b">Illinois</subfield><subfield code="c">Cook</subfield><subfield code="d">Chicago.</subfield></datafield><datafield ind1="0" ind2="8" tag="776"><subfield code="i">Microfilm</subfield><subfield code="t">Wici</subfield><subfield code="w">(OCoLC)31601293</subfield></datafield><datafield ind1="0" ind2="8" tag="776"><subfield code="i">Online version:</subfield><subfield code="t">Wici</subfield><subfield code="w">(OCoLC)892810884</subfield></datafield></record>